<record><leader>00000cas a22000007a 4500</leader><controlfield tag="001">34589423</controlfield><controlfield tag="008">960417d18891889okudn n       0    0eng d</controlfield><datafield ind1=" " ind2=" " tag="010"><subfield code="a">sn 96087702 </subfield></datafield><datafield ind1=" " ind2=" " tag="040"><subfield code="a">OBN</subfield><subfield code="b">eng</subfield><subfield code="c">OBN</subfield><subfield code="d">OCLCQ</subfield><subfield code="d">OCLCO</subfield></datafield><datafield ind1="1" ind2=" " tag="029"><subfield code="a">AU@</subfield><subfield code="b">000012367413</subfield></datafield><datafield ind1=" " ind2=" " tag="042"><subfield code="a">msc</subfield></datafield><datafield ind1=" " ind2=" " tag="043"><subfield code="a">n-us-ok</subfield></datafield><datafield ind1="0" ind2=" " tag="130"><subfield code="a">Oklahoma gazette (Oklahoma City, Okla.: 1889)</subfield></datafield><datafield ind1="1" ind2="4" tag="245"><subfield code="a">The Oklahoma gazette.</subfield></datafield><datafield ind1="3" ind2=" " tag="246"><subfield code="a">Daily gazette</subfield></datafield><datafield ind1=" " ind2=" " tag="260"><subfield code="a">Oklahoma [City], Oklahoma Territory [Okla.] :</subfield><subfield code="b">Oklahoma Pub. Co.</subfield></datafield><datafield ind1=" " ind2=" " tag="300"><subfield code="a">v.</subfield></datafield><datafield ind1=" " ind2=" " tag="310"><subfield code="a">Daily (except Sun.)</subfield></datafield><datafield ind1="0" ind2=" " tag="362"><subfield code="a">Vol. 1, no. 1 (May 21, 1889)-v. 1, no. 55 (July 23, 1889).</subfield></datafield><datafield ind1=" " ind2="0" tag="651"><subfield code="a">Oklahoma City (Okla.)</subfield><subfield code="v">Newspapers.</subfield></datafield><datafield ind1=" " ind2="0" tag="651"><subfield code="a">Oklahoma County (Okla.)</subfield><subfield code="v">Newspapers.</subfield></datafield><datafield ind1=" " ind2="0" tag="651"><subfield code="a">Oklahoma Territory (Okla.)</subfield><subfield code="v">Newspapers.</subfield></datafield><datafield ind1=" " ind2=" " tag="752"><subfield code="a">United States</subfield><subfield code="b">Oklahoma</subfield><subfield code="c">Oklahoma</subfield><subfield code="d">Oklahoma City.</subfield></datafield><datafield ind1="0" ind2="0" tag="785"><subfield code="t">Evening gazette (Oklahoma City, Okla.)</subfield><subfield code="w">(DLC)sn 86064139</subfield><subfield code="w">(OCoLC)13770897</subfield></datafield></record>